<?xml version="1.0" encoding="UTF-8"?><collection xmlns="http://www.loc.gov/MARC21/slim"><record><leader>00501nam--2200193-i-4500</leader><controlfield tag="001">000013949</controlfield><controlfield tag="002">20161230</controlfield><controlfield tag="005">20161230201030</controlfield><controlfield tag="008">060222s1000------------r-----000-0-eng-d</controlfield><datafield ind1=" " ind2=" " tag="020"><subfield code="a">0850662060</subfield></datafield><datafield ind1=" " ind2=" " tag="040"><subfield code="a">IFIN-HH</subfield></datafield><datafield ind1=" " ind2=" " tag="080"><subfield code="a">531.19:536.758</subfield></datafield><datafield ind1="1" ind2=" " tag="100"><subfield code="a">Bruce, A.D</subfield></datafield><datafield ind1="1" ind2="0" tag="245"><subfield code="a">Structural phase transitions</subfield><subfield code="c">A.d. bruce; r.a. cowley</subfield></datafield><datafield ind1=" " ind2=" " tag="260"><subfield code="a">London</subfield><subfield code="b">Taylor &amp; Francis Ltd</subfield><subfield code="c">1981</subfield></datafield><datafield ind1=" " ind2=" " tag="300"><subfield code="a">III + 326P</subfield></datafield><datafield ind1="1" ind2=" " tag="700"><subfield code="a">Cowley, R.A</subfield></datafield><datafield ind1=" " ind2=" " tag="852"><subfield code="a">49356</subfield><subfield code="c">536.7</subfield></datafield><datafield ind1=" " ind2=" " tag="CAT"><subfield code="a">Sys</subfield><subfield code="c">20110531</subfield><subfield code="h">162352</subfield></datafield></record></collection>